@incollection{Wiki,
  title={Tamil Language},
  author={Wikipedia},
  year={2013},
  url = {http://en.wikipedia.org/wiki/Tamil_language}
}

@incollection{ramasamy2011tamil,
  title={Tamil dependency parsing: results using rule based and corpus based approaches},
  author={Ramasamy, Loganathan and {\v{Z}}abokrtsk{\`y}, Zden{\v{e}}k},
  booktitle={Computational Linguistics and Intelligent Text Processing},
  pages={82--95},
  year={2011},
  publisher={Springer}
}

@article{dhanalakshmi2010natural,
  title={Natural Language processing Tools for Tamil grammar Learning and Teaching},
  author={Dhanalakshmi, V and Rajendran, S},
  journal={International journal of Computer Applications (0975-8887)},
  volume={8},
  number={14},
  year={2010}
}

@article{vidyapeethamrobust,
  title={Robust Dependency Parser for Natural Language Dialog Systems in Tamil},
  author={Srinivasan CJ, Udhaykumar N, Loganathan R, Santhosh Kumar C
},
  journal={5th Workshop on Knowledge and Reasoning in Practical Dialogue Systems},
  pages={1-6},	
  publisher={Citeseer},
  year={2007}
}

@incollection{bohmova2003prague,
  title={The Prague dependency treebank},
  author={B{\"o}hmov{\'a}, Alena and Haji{\v{c}}, Jan and Haji{\v{c}}ov{\'a}, Eva and Hladk{\'a}, Barbora},
  booktitle={Treebanks},
  pages={103--127},
  year={2003},
  publisher={Springer}
}

@book{lehmann1989grammar,
  title={A Grammar of Modern Tamil},
  author={Lehmann, T. and Pondicherry Institute of Linguistics and Culture},
  lccn={lc90907123},
  series={PILC publication},
  url={http://books.google.com/books?id=THlkAAAAMAAJ},
  year={1989},
  publisher={Pondicherry Institute of Linguistics and Culture}
}

@inproceedings{rajendran2002tamil,
  title={Tamil WordNet},
  author={Rajendran, S}
}

@inproceedings{ RaBoMorphologicalProcessing2012,
title = {Morphological Processing for English-Tamil Statistical Machine Translation},
author = {Loganathan Ramasamy and Ond{\v{r}}ej Bojar and 
Zden{\v{e}}k {\v{Z}}abokrtsk{\'{y}}},
year = {2012},
pages = {113--122},
booktitle = {Proceedings of the Workshop on Machine Translation and Parsing 
in Indian Languages ({MTPIL}-2012)},
}

@techreport{ramReport,
	author = "Loganathan Ramasamy and Ond{\v{r}}ej Bojar and Zden{\v{e}}k {\v{Z}}abokrtsk{\'{y}}",
	institution = "Institute of Formal and Applied Linguistics (ÚFAL MFF UK), Faculty of Mathematics and Physics, Charles University ",
	title = "Tamil Dependency Treebank (TamilTB) – 0.1. Annotation Manual",
	number = "TR-2011-42",	
	year = "2011"
}

@inproceedings{hall2008dependency,
  title={A dependency-driven parser for German dependency and constituency representations},
  author={Hall, Johan and Nivre, Joakim},
  booktitle={Proceedings of the Workshop on Parsing German},
  pages={47--54},
  year={2008},
  organization={Association for Computational Linguistics}
}

@inproceedings{nivre2006maltparser,
  title={Maltparser: A data-driven parser-generator for dependency parsing},
  author={Nivre, Joakim and Hall, Johan and Nilsson, Jens},
  booktitle={Proceedings of LREC},
  volume={6},
  pages={2216--2219},
  year={2006}
}

@inproceedings{covington2001fundamental,
  title={A fundamental algorithm for dependency parsing},
  author={Covington, Michael A},
  booktitle={Proceedings of the 39th annual ACM southeast conference},
  pages={95--102},
  year={2001},
  organization={Citeseer}
}

@inproceedings{nivre2009non,
  title={Non-projective dependency parsing in expected linear time},
  author={Nivre, Joakim},
  booktitle={Proceedings of the Joint Conference of the 47th Annual Meeting of the ACL and the 4th International Joint Conference on Natural Language Processing of the AFNLP: Volume 1-Volume 1},
  pages={351--359},
  year={2009},
  organization={Association for Computational Linguistics}
}


@inproceedings{nivre2009improved,
  title={An improved oracle for dependency parsing with online reordering},
  author={Nivre, Joakim and Kuhlmann, Marco and Hall, Johan},
  booktitle={Proceedings of the 11th international conference on parsing technologies},
  pages={73--76},
  year={2009},
  organization={Association for Computational Linguistics}
}

@misc{tamShallowParser,
  author = {IIIT Hyderabad, LTRC},
  title = {{Shallow parser for Tamil}},
  howpublished = "\url{http://ltrc.iiit.ac.in/showfile.php?filename=downloads/shallow_parser.php}",
  year = {2013}
}

@article{bharati2007ssf,
  title={Ssf: Shakti standard format guide},
  author={Bharati, Akshar and Sangal, Rajeev and Sharma, Dipti M},
  journal={Language Technologies Research Centre, International Institute of Information Technology, Hyderabad, India},
  pages={1--25},
  year={2007}
}

@inproceedings{ambati2010two,
  title={Two methods to incorporate local morphosyntactic features in Hindi dependency parsing},
  author={Ambati, Bharat Ram and Husain, Samar and Jain, Sambhav and Sharma, Dipti Misra and Sangal, Rajeev},
  booktitle={Proceedings of the NAACL HLT 2010 First Workshop on Statistical Parsing of Morphologically-Rich Languages},
  pages={22--30},
  year={2010},
  organization={Association for Computational Linguistics}
}


@phdthesis{liang2005semi,
  title={Semi-supervised learning for natural language},
  author={Liang, Percy},
  year={2005},
  school={Massachusetts Institute of Technology}
}

@article{brown1992class,
  title={Class-based n-gram models of natural language},
  author={Brown, Peter F and Desouza, Peter V and Mercer, Robert L and Pietra, Vincent J Della and Lai, Jenifer C},
  journal={Computational linguistics},
  volume={18},
  number={4},
  pages={467--479},
  year={1992},
  publisher={MIT Press}
}

@inproceedings{RaBoMorphologicalProcessing2012,
title = {Morphological Processing for English-Tamil Statistical Machine Translation},
author = {Loganathan Ramasamy and Ond{\v{r}}ej Bojar and 
Zden{\v{e}}k {\v{Z}}abokrtsk{\'{y}}},
year = {2012},
pages = {113--122},
booktitle = {Proceedings of the Workshop on Machine Translation and Parsing 
in Indian Languages ({MTPIL}-2012)},
}





